@Inbook{Liao2007,
author="Liao, Shengcai
and Zhu, Xiangxin
and Lei, Zhen
and Zhang, Lun
and Li, Stan Z.",
editor="Lee, Seong-Whan
and Li, Stan Z.",
title="Learning Multi-scale Block Local Binary Patterns for Face Recognition",
bookTitle="Advances in Biometrics: International Conference, ICB 2007, Seoul, Korea, August 27-29, 2007. Proceedings",
year="2007",
publisher="Springer Berlin Heidelberg",
address="Berlin, Heidelberg",
pages="828--837",
isbn="978-3-540-74549-5",
doi="10.1007/978-3-540-74549-5_87",
url="http://dx.doi.org/10.1007/978-3-540-74549-5_87"
}

@INPROCEEDINGS{viola,
author={P. Viola and M. Jones},
booktitle={Computer Vision and Pattern Recognition, 2001. CVPR 2001. Proceedings of the 2001 IEEE Computer Society Conference on},
title={Rapid object detection using a boosted cascade of simple features},
year={2001},
volume={1},
pages={I-511-I-518 vol.1},
keywords={feature extraction;image classification;image representation;learning (artificial intelligence);object detection;AdaBoost;background regions;boosted simple feature cascade;classifiers;face detection;image processing;image representation;integral image;machine learning;object specific focus-of-attention mechanism;rapid object detection;real-time applications;statistical guarantees;visual object detection;Detectors;Face detection;Filters;Focusing;Image representation;Machine learning;Object detection;Pixel;Robustness;Skin},
doi={10.1109/CVPR.2001.990517},
ISSN={1063-6919},
month={},}
